

@book{pinter2014book,
	title={A book of set theory},
	author={Pinter, Charles C},
	year={2014},
	publisher={Courier Corporation}
}